<?xml version="1.0" encoding="UTF-8"?><collection xmlns="http://www.loc.gov/MARC21/slim"><record><leader>00599nam--2200205-u-4500</leader><controlfield tag="001">000051212</controlfield><controlfield tag="002">20161230</controlfield><controlfield tag="005">20161230201049</controlfield><controlfield tag="008">080602s1000------------r-----000-0-eng-d</controlfield><datafield ind1=" " ind2=" " tag="020"><subfield code="a">0-486-66021-4</subfield></datafield><datafield ind1=" " ind2=" " tag="040"><subfield code="a">IFIN-HH</subfield></datafield><datafield ind1=" " ind2=" " tag="080"><subfield code="a">539.19</subfield></datafield><datafield ind1="1" ind2=" " tag="100"><subfield code="a">Harrison, Walter A</subfield></datafield><datafield ind1="1" ind2="0" tag="245"><subfield code="a">Electronic Structure and the Properties of Solids</subfield><subfield code="b">The Physics of the Chemical Bond</subfield><subfield code="c">Walter a. harrison</subfield></datafield><datafield ind1=" " ind2=" " tag="260"><subfield code="a">New York</subfield><subfield code="b">Dover Publications, Inc</subfield><subfield code="c">1980</subfield></datafield><datafield ind1=" " ind2=" " tag="300"><subfield code="a">586 p</subfield></datafield><datafield ind1=" " ind2="4" tag="650"><subfield code="a">Solid state chemistry</subfield></datafield><datafield ind1="1" ind2=" " tag="700"><subfield code="a">Walter A. Harrison</subfield></datafield><datafield ind1=" " ind2=" " tag="852"><subfield code="a">81954</subfield><subfield code="c">539.2</subfield></datafield><datafield ind1=" " ind2=" " tag="CAT"><subfield code="a">Sys</subfield><subfield code="c">20110113</subfield><subfield code="h">095635</subfield></datafield></record></collection>